
@book{Askeland-6th,
  author = {Askeland, Donald R. and Fulay, Pradeep P. and Wright, Wendelin J.},
  year = {2006},
  title = {The Science and Engineering of Material},
  edition= {6th},
  publisher = {Global Engineering},
  note= {pp. 880}
}

@article{single_bbl_sono,
  author = {Brenner, Michael P. and Hilgenfeldt, Sascha and Lohse, Detlef},
  year = {2002},
  title = {Single Bubble Sonoluminescense},
  journal= {Reviews of modern physics},
  volume= {74},
  number= {2},
  note= {pp. 425-484}
}

@article{simplified_rayleigh,
  author = {Hilgenfeldt, Sascha and Brenner, Michael P. and Grossmann, Siegfried and Lohse, Detlef},
  year = {1998},
  title = {Analysis of Rayleigh Plesset dynamics for sonoluminescing bubbles},
  journal= {Journal of fluid mechanics},
  volume= {1998},
  number= {365},
  note= {pp. 171-204}
}

@techreport{cavitation_ign,
    author = {Jacqmin, David A. and Nguyen, Quang-Viet},
    title = {A Study of Cavitation-Ignition Bubble Combustion},
    institution = {NASA},
    year = {2005},
    month = {August},
    type = {Technical Memorandum (TM)},
}

@article{rayleigh-eqn,
    author = {Lord Rayleigh O.M. F.R.S.},
    title = {VIII. On the pressure developed in a liquid during the collapse of a spherical cavity},
    journal = {The London, Edinburgh, and Dublin Philosophical Magazine and Journal of Science},
    volume = {34},
    number = {200},
    pages = {94-98},
    year  = {1917},
    publisher = {Taylor & Francis},
    doi = {10.1080/14786440808635681}
}

@misc{iss_mass,
    title={The ISS to date (03/09/2011)},          
    url={http://www.nasa.gov/mission_pages/station/structure/isstodate.html},
    journal={NASA},
    publisher={NASA},
    author={Dunbar, Brian},
    editor={Kauderer , AmikoEditor},
    year={2011},
    month={Mar}
}

@misc{iss_velocity,
    title={The wizards of orbits}, url={https://www.esa.int/Enabling_Support/Operations/The_wizards_of_orbits},
    journal={ESA},
    year={2001},
    month={Aug},
    note={{\it European Space Agency (ESA)}}
}

@techreport{little_boy_yield,
    author = {Malik, John},
    title = {The Yields of Hiroshima and Nagasaki Nuclear Explosions},
    institution = {Los Alamos National Labratory},
    year = {1985},
    month = {September}
}